<record><leader>00000cas a22000007a 4500</leader><controlfield tag="001">18143409</controlfield><controlfield tag="008">880628d18921902ohudn ne      0    0eng d</controlfield><datafield ind1=" " ind2=" " tag="010"><subfield code="a">sn 88077595 </subfield></datafield><datafield ind1=" " ind2=" " tag="040"><subfield code="a">ONP</subfield><subfield code="b">eng</subfield><subfield code="c">ONP</subfield><subfield code="d">OCLCQ</subfield></datafield><datafield ind1=" " ind2=" " tag="042"><subfield code="a">msc</subfield></datafield><datafield ind1="0" ind2=" " tag="130"><subfield code="a">Delaware daily herald (Delaware, Ohio : 1892)</subfield></datafield><datafield ind1="1" ind2="0" tag="245"><subfield code="a">Delaware daily herald.</subfield></datafield><datafield ind1=" " ind2=" " tag="260"><subfield code="a">Delaware, Ohio :</subfield><subfield code="b">Delaware Herald Print. Co.</subfield></datafield><datafield ind1=" " ind2=" " tag="300"><subfield code="a">v.</subfield></datafield><datafield ind1=" " ind2=" " tag="310"><subfield code="a">Daily (except Sun.)</subfield></datafield><datafield ind1="1" ind2=" " tag="362"><subfield code="a">Began in 1892; ceased in Mar. 1902.</subfield></datafield><datafield ind1=" " ind2=" " tag="580"><subfield code="a">Weekly ed.: Delaware Democratic herald.</subfield></datafield><datafield ind1=" " ind2=" " tag="588"><subfield code="a">Description based on: Vol. 2, no. 247 (June 15, 1894).</subfield></datafield><datafield ind1=" " ind2="4" tag="651"><subfield code="a">Delaware (Ohio)</subfield><subfield code="v">Newspapers.</subfield></datafield><datafield ind1=" " ind2="4" tag="651"><subfield code="a">Delaware County (Ohio)</subfield><subfield code="v">Newspapers.</subfield></datafield><datafield ind1=" " ind2=" " tag="752"><subfield code="a">United States</subfield><subfield code="b">Ohio</subfield><subfield code="c">Delaware</subfield><subfield code="d">Delaware.</subfield></datafield><datafield ind1="1" ind2=" " tag="775"><subfield code="t">Delaware Democratic herald</subfield><subfield code="w">(DLC)sn 83035597</subfield></datafield><datafield ind1="0" ind2="7" tag="785"><subfield code="t">Daily journal (Delaware, Ohio)</subfield><subfield code="w">(DLC)sn 88077596</subfield></datafield><datafield ind1="0" ind2="7" tag="785"><subfield code="t">Daily journal-herald (Delaware, Ohio)</subfield><subfield code="w">(DLC)sn 88077594</subfield></datafield><datafield ind1="1" ind2=" " tag="029"><subfield code="a">AU@</subfield><subfield code="b">000020523832</subfield></datafield></record>